<record><leader>00000cas a2200000 a 4500</leader><controlfield tag="001">11662820</controlfield><controlfield tag="008">850206d19111919ksuwr ne      0   a0eng d</controlfield><datafield ind1=" " ind2=" " tag="010"><subfield code="a">sn 85030892 </subfield></datafield><datafield ind1=" " ind2=" " tag="040"><subfield code="a">KSH</subfield><subfield code="b">eng</subfield><subfield code="c">KSH</subfield><subfield code="d">NPT</subfield><subfield code="d">OCL</subfield><subfield code="d">OCLCQ</subfield></datafield><datafield ind1=" " ind2=" " tag="042"><subfield code="a">msc</subfield></datafield><datafield ind1="0" ind2="4" tag="245"><subfield code="a">The Kiowa County signal and Greensburg republican.</subfield></datafield><datafield ind1=" " ind2=" " tag="260"><subfield code="a">Greensburg, Kan. :</subfield><subfield code="b">Harvey &amp; Sons,</subfield><subfield code="c">1911-1919.</subfield></datafield><datafield ind1=" " ind2=" " tag="300"><subfield code="a">7 v. :</subfield><subfield code="b">ill. ;</subfield><subfield code="c">59 cm.</subfield></datafield><datafield ind1=" " ind2=" " tag="310"><subfield code="a">Weekly</subfield></datafield><datafield ind1="0" ind2=" " tag="362"><subfield code="a">Vol. 26, no. 33 (Sept. 1, 1911)-v. 33, no. 6 (Mar. 13, 1919).</subfield></datafield><datafield ind1=" " ind2=" " tag="500"><subfield code="a">Published by: Poore &amp; Holmes, May 1, 1913-Dec. 28, 1916; John Poore, Jan. 4, 1917-May 2, 1918; The Greensburg Pub. Co., May 9, 1918-Mar. 13, 1919.</subfield></datafield><datafield ind1=" " ind2=" " tag="752"><subfield code="a">United States</subfield><subfield code="b">Kansas</subfield><subfield code="c">Kiowa</subfield><subfield code="d">Greensburg.</subfield></datafield><datafield ind1="0" ind2="4" tag="780"><subfield code="t">Kiowa County signal (Greensburg, Kan. : 1905)</subfield><subfield code="w">(DLC)sn 85030891</subfield></datafield><datafield ind1="0" ind2="4" tag="780"><subfield code="t">Greensburg republican (Greensburg, Kan. : 1902)</subfield><subfield code="w">(DLC)sn 85030883</subfield></datafield><datafield ind1="0" ind2="0" tag="785"><subfield code="t">Kiowa County signal (Greensburg, Kan. : 1919)</subfield><subfield code="w">(DLC)sn 85030893</subfield></datafield></record>